<record><leader>00000cas a22000007a 4500</leader><controlfield tag="001">10575062</controlfield><controlfield tag="008">840329u1934uuuunyuwx ne      0    0eng d</controlfield><datafield ind1=" " ind2=" " tag="010"><subfield code="a">sn 84037005 </subfield></datafield><datafield ind1=" " ind2=" " tag="040"><subfield code="a">CRL</subfield><subfield code="b">eng</subfield><subfield code="c">CRL</subfield><subfield code="d">NPW</subfield><subfield code="d">OCLCQ</subfield><subfield code="d">CRL</subfield></datafield><datafield ind1=" " ind2=" " tag="042"><subfield code="a">msc</subfield></datafield><datafield ind1="0" ind2="0" tag="245"><subfield code="a">Ethiopian world.</subfield></datafield><datafield ind1=" " ind2=" " tag="260"><subfield code="a">New York City :</subfield><subfield code="b">Ethiopian World Pub. Co.,</subfield><subfield code="c">1934-</subfield></datafield><datafield ind1=" " ind2=" " tag="300"><subfield code="a">v. :</subfield><subfield code="b">ill.</subfield></datafield><datafield ind1=" " ind2=" " tag="310"><subfield code="a">Weekly (irregular)</subfield></datafield><datafield ind1="0" ind2=" " tag="362"><subfield code="a">Vol. 1, no. 1 (May 26, 1934)-</subfield></datafield><datafield ind1=" " ind2=" " tag="752"><subfield code="a">United States</subfield><subfield code="b">New York</subfield><subfield code="c">New York</subfield><subfield code="d">New York.</subfield></datafield><datafield ind1="0" ind2="8" tag="776"><subfield code="i">Online version:</subfield><subfield code="t">Ethiopian world</subfield><subfield code="w">(OCoLC)900201523</subfield></datafield><datafield ind1="0" ind2="0" tag="780"><subfield code="t">World echo</subfield><subfield code="w">(DLC)sn 84037004</subfield></datafield><datafield ind1="1" ind2=" " tag="029"><subfield code="a">AU@</subfield><subfield code="b">000025812494</subfield></datafield></record>